[gd_scene load_steps=4 format=3 uid="uid://biyyejk3jgomd"]

[ext_resource type="Script" path="res://scenes/main_menu/src/menu_controller.gd" id="1_7x6vp"]
[ext_resource type="Texture2D" uid="uid://k6bipirhjgno" path="res://Capa_do_jogo.png" id="2_d1m4o"]
[ext_resource type="LabelSettings" uid="uid://1oyxx8ys1m6d" path="res://scenes/main_menu/font.res" id="2_yfgsl"]

[node name="main" type="Node"]

[node name="MainMenu" type="Control" parent="."]
layout_mode = 3
anchors_preset = 15
anchor_right = 1.0
anchor_bottom = 1.0
grow_horizontal = 2
grow_vertical = 2
size_flags_horizontal = 4
script = ExtResource("1_7x6vp")

[node name="Bg" type="TextureRect" parent="MainMenu"]
layout_mode = 1
anchors_preset = 15
anchor_right = 1.0
anchor_bottom = 1.0
grow_horizontal = 2
grow_vertical = 2
texture = ExtResource("2_d1m4o")

[node name="MainContainer" type="VBoxContainer" parent="MainMenu"]
unique_name_in_owner = true
custom_minimum_size = Vector2(200, 0)
layout_mode = 1
anchors_preset = 8
anchor_left = 0.5
anchor_top = 0.5
anchor_right = 0.5
anchor_bottom = 0.5
offset_left = -346.0
offset_top = -191.0
offset_right = 345.0
offset_bottom = 241.0
grow_horizontal = 2
grow_vertical = 2
alignment = 1

[node name="Start_button" type="Button" parent="MainMenu/MainContainer"]
layout_mode = 2
theme_override_font_sizes/font_size = 30
text = "START"

[node name="Option_button" type="Button" parent="MainMenu/MainContainer"]
layout_mode = 2
theme_override_font_sizes/font_size = 30
text = "OPTION"

[node name="Exit_button" type="Button" parent="MainMenu/MainContainer"]
layout_mode = 2
size_flags_vertical = 4
theme_override_font_sizes/font_size = 30
text = "EXIT
"

[node name="OptionContainer" type="VBoxContainer" parent="MainMenu"]
unique_name_in_owner = true
visible = false
custom_minimum_size = Vector2(500, 500)
layout_mode = 1
anchors_preset = 8
anchor_left = 0.5
anchor_top = 0.5
anchor_right = 0.5
anchor_bottom = 0.5
offset_left = -250.0
offset_top = -250.0
offset_right = 250.0
offset_bottom = 250.0
grow_horizontal = 2
grow_vertical = 2

[node name="TabContainer" type="TabContainer" parent="MainMenu/OptionContainer"]
custom_minimum_size = Vector2(0, 500)
layout_mode = 2
tab_alignment = 1

[node name="Video" type="TabBar" parent="MainMenu/OptionContainer/TabContainer"]
custom_minimum_size = Vector2(0, 20)
layout_mode = 2

[node name="General_Label" type="Label" parent="MainMenu/OptionContainer/TabContainer/Video"]
layout_mode = 1
anchors_preset = 5
anchor_left = 0.5
anchor_right = 0.5
offset_left = -56.5
offset_top = 40.5
offset_right = 56.5
offset_bottom = 85.5
grow_horizontal = 2
theme_override_font_sizes/font_size = 20
text = "General"
label_settings = ExtResource("2_yfgsl")

[node name="Resolution_Label" type="Label" parent="MainMenu/OptionContainer/TabContainer/Video"]
layout_mode = 0
offset_left = 82.0
offset_top = 136.5
offset_right = 196.0
offset_bottom = 167.5
theme_override_font_sizes/font_size = 20
text = "Resolution :"

[node name="Resolution_Optionbutton" type="OptionButton" parent="MainMenu/OptionContainer/TabContainer/Video"]
unique_name_in_owner = true
layout_mode = 0
offset_left = 26.0
offset_top = 167.0
offset_right = 210.0
offset_bottom = 198.0
item_count = 10
popup/item_0/text = "640x480"
popup/item_0/id = 0
popup/item_1/text = "800x600"
popup/item_1/id = 1
popup/item_2/text = "1024x768"
popup/item_2/id = 2
popup/item_3/text = "1280x720"
popup/item_3/id = 3
popup/item_4/text = "1366x768"
popup/item_4/id = 4
popup/item_5/text = "1600x900"
popup/item_5/id = 5
popup/item_6/text = "1920x1080"
popup/item_6/id = 6
popup/item_7/text = "2560x1440"
popup/item_7/id = 7
popup/item_8/text = "3840x2160"
popup/item_8/id = 8
popup/item_9/text = "7680x4320"
popup/item_9/id = 9

[node name="WindowMode_Label" type="Label" parent="MainMenu/OptionContainer/TabContainer/Video"]
layout_mode = 0
offset_left = 314.0
offset_top = 136.5
offset_right = 463.0
offset_bottom = 167.5
theme_override_font_sizes/font_size = 20
text = "Window Mode :"

[node name="WindowMode_Optionbutton" type="OptionButton" parent="MainMenu/OptionContainer/TabContainer/Video"]
unique_name_in_owner = true
layout_mode = 0
offset_left = 298.0
offset_top = 167.5
offset_right = 474.0
offset_bottom = 199.5
item_count = 3
popup/item_0/text = "Windowed"
popup/item_0/id = 0
popup/item_1/text = "FullScreen"
popup/item_1/id = 1
popup/item_2/text = "Borderless"
popup/item_2/id = 2

[node name="Vsync_Label" type="Label" parent="MainMenu/OptionContainer/TabContainer/Video"]
layout_mode = 0
offset_left = 100.0
offset_top = 226.5
offset_right = 156.0
offset_bottom = 257.5
theme_override_font_sizes/font_size = 20
text = "Vsync"

[node name="Vsync_OptionButton" type="OptionButton" parent="MainMenu/OptionContainer/TabContainer/Video"]
layout_mode = 0
offset_left = 26.0
offset_top = 263.5
offset_right = 210.0
offset_bottom = 295.5
item_count = 4
popup/item_0/text = "off"
popup/item_0/id = 0
popup/item_1/text = "Normal"
popup/item_1/id = 1
popup/item_2/text = "Adaptative"
popup/item_2/id = 2
popup/item_3/text = "MailBox"
popup/item_3/id = 3

[node name="GraphicsLabel" type="Label" parent="MainMenu/OptionContainer/TabContainer/Video"]
layout_mode = 0
offset_left = 324.0
offset_top = 226.5
offset_right = 410.0
offset_bottom = 257.5
theme_override_font_sizes/font_size = 20
text = "Graphics"

[node name="GraphicsOptionButton" type="OptionButton" parent="MainMenu/OptionContainer/TabContainer/Video"]
layout_mode = 0
offset_left = 272.0
offset_top = 263.5
offset_right = 456.0
offset_bottom = 295.5
item_count = 2
selected = 0
popup/item_0/text = "Low"
popup/item_0/id = 0
popup/item_1/text = "High"
popup/item_1/id = 3

[node name="Container" type="HBoxContainer" parent="MainMenu/OptionContainer"]
layout_mode = 2
size_flags_horizontal = 4
alignment = 1

[node name="Apply_button" type="Button" parent="MainMenu/OptionContainer/Container"]
layout_mode = 2
size_flags_horizontal = 0
size_flags_vertical = 4
text = "Apply
"

[node name="Return_button" type="Button" parent="MainMenu/OptionContainer/Container"]
layout_mode = 2
text = "Return
"

[connection signal="pressed" from="MainMenu/MainContainer/Start_button" to="MainMenu" method="_on_start_button_pressed"]
[connection signal="pressed" from="MainMenu/MainContainer/Option_button" to="MainMenu" method="_on_option_button_pressed"]
[connection signal="pressed" from="MainMenu/MainContainer/Exit_button" to="MainMenu" method="_on_exit_button_pressed"]
[connection signal="item_selected" from="MainMenu/OptionContainer/TabContainer/Video/Resolution_Optionbutton" to="MainMenu" method="_on_resolution_optionbutton_item_selected"]
[connection signal="item_selected" from="MainMenu/OptionContainer/TabContainer/Video/WindowMode_Optionbutton" to="MainMenu" method="_on_window_mode_optionbutton_item_selected"]
[connection signal="item_selected" from="MainMenu/OptionContainer/TabContainer/Video/Vsync_OptionButton" to="MainMenu" method="_on_vsync_option_button_item_selected"]
[connection signal="item_selected" from="MainMenu/OptionContainer/TabContainer/Video/GraphicsOptionButton" to="MainMenu" method="_on_graphics_option_button_item_selected"]
[connection signal="pressed" from="MainMenu/OptionContainer/Container/Apply_button" to="MainMenu" method="_on_apply_button_pressed"]
[connection signal="pressed" from="MainMenu/OptionContainer/Container/Return_button" to="MainMenu" method="_on_return_button_pressed"]
